@techreport{babrauskas1982nbs,
title={{Development of the cone calorimeter a bench-scale heat release rate apparatus based on oxygen consumption }},
author={Babrauskas, V.},
institution={National Bureau of Standards},
type={NBS IR},
number={82-2611},
address={Gaithersburg, Maryland},
year={1982}
}


@article{beaulieu2008effect,
  title={Effect of oxygen on flame heat flux in horizontal and vertical orientations},
  author={Beaulieu, P.A. and Dembsey, N.A.},
  journal={Fire Safety Journal},
  volume={43},
  number={6},
  pages={410--428},
  year={2008},
  publisher={Elsevier}
}

@article{bruns2021automated,
  title={Automated fitting of thermogravimetric analysis data},
  author={Bruns, Morgan C and Leventon, Isaac T},
  journal={Fire and Materials},
  volume={45},
  number={3},
  pages={406--414},
  year={2021},
  publisher={Wiley Online Library}
}

@techreport{bryant2019nist,
title={{The NIST 20 MW Calorimetry measurement system for large-fire research}},
author={Bryant, R.A. and Bundy, M.F.},
institution={National Institute of Standards and Technology},
type={NIST Technical Note},
number={2077},
address={Gaithersburg, Maryland},
year={2019}
}

@techreport{calibration2004nist,
  title={Heat-Flux Sensor Calibration},
  author={Tsai, B.K. and Gibson, C.E. and Murthy, A.V. and Early, E.A. and Dewitt, D.P. and Saunders, R.D.},
  institution={National Institute of Standards and Technology},
type={NIST Special Publication},
number={250-65},
address={Gaithersburg, Maryland},
  year={2004}
}

@article{chaudhari2020experimental,
title={Experimental analysis and modeling of Buoyancy-driven flame spread on cast poly (methyl methacrylate) in corner configuration},
author={Chaudhari, D.M. and Fiola, G.J. and Stoliarov, S.I.},
journal={Polymer Degradation and Stability},
pages={109433},
year={2020},
publisher={Elsevier}
}

@inproceedings{delannoye2024replacement,
author = {De Lannoye, K. and Leventon I.T.},
title= {Experimental Measurements for teh Identification of a Replacement-MaCFP-PMMA},
booktitle   = {IAFSS2023 - Tsukuba, Japan},
year= {2023},
publisher = {International Association of Fire Safety Science},
url       = {**NIST website link}
}

@techreport{delannoye2025ISFS,
     title = {{**Intermediate Scale Flame Spread Apparatus}},
     author = {DeLannoye, K. and Leventon, I.T.},
     year = {2025},
     institution = {National Institute of Standards and Technology},
    month={July},
    year={2025},
    number={NIST Technical Note 25xx}
}


@article{leventon2022MaCFP,
title={The MaCFP Condensed Phase Working Group: A Structured, Global Effort Towards Pyrolysis Model Development},
author={Leventon, I.T. and Batiot, B. and Bruns, M.C. and Hostikka, S. and Nakamura, Y. and Reszka, P. and Stoliarov, S.I.},
journal={Journal of ASTM International},
volume={1642},
pages={10--29},
year={2022},
publisher={ASTM International}
}


@techreport{leventon2024impact,
     title = {{The Impact of Material Composition on Ignitability and Fire Growth. Volume 1: Full-Scale Burning Behavior of Combustible Solids Commonly Found in Nuclear Power Plants}},
     author = {Leventon, I.T. and Heck, M.V. and McGrattan, K.B. and Bundy, M.and Davis, R.D.},
     year = {2024},
     institution = {National Institute of Standards and Technology},
    month={February},
    year={2024},
    number={NIST Technical Note 2282}
}

@article{MaCFP2proceedings,
  title={Proceedings of the Second Workshop Organized by the IAFSS Working Group on Measurement and Computation of Fire Phenomena (MaCFP-2) Gas Phase Subgroup},
  author={Ahmed, M. and Braennstrom, F. and Brown, A and Consalvi, J.L. and Floyd, J. and Forney, G. and Gissi, E. and Hamins, A. and Hansen, M. and Hawkes, E. and Hewson, J and Maragkos, Georgios and McDermott, R and Merci, Bart and Rogaume, T },
  year={2024},
publisher = {MaCFP Working Group},
url       = {https://github.com/MaCFP/macfp-db/releases/tag/macfp-2.0}
}

@article{MaCFP3proceedings,
  title={Proceedings of the Second Workshop Organized by the IAFSS Working Group on Measurement and Computation of Fire Phenomena (MaCFP-3)},
  author={Arnold, L. and Beji, T. and Braennstrom, F. and Br\"{a}nnstr\"{o}m, F. and Chaudhari, D.M. and Falkenstein-Smith, R. and Floyd, J. and Hamins, A. and Hehnen, T. and Hostikka, S. and Husted, B. and Leventon, I.T. and McDermott, R. and McGrattan, K.B. and Merci, Bart Ren, N. and Snegirev, A. and Stoliarov, S.I. and Trouve, A. and Wang, Y. and Weckman, E. and Xiong, G. },
  year={2024},
publisher = {MaCFP Working Group},
url       = {https://github.com/MaCFP/macfp-db/releases/tag/macfp-3.0}
}

@misc{MaCFP2021CondensedExp, 
title={Preliminary Summary of Experimental Measurements: Predecisional Draft Report Submitted to the 2021 {MaCFP} Condensed Phase Workshop}, 
author={Batiot, B. and Bruns, M. and Hostikka, S. and Leventon, I. and Nakamura, Y. and Reszka, P. and Rogaume, T. and Stoliarov, S.},
howpublished={\url{https://github.com/MaCFP/matl-db/releases/download/v1.0.0/MaCFP_2021_Report_Part_I_Experimental.pdf}, archived: \url{https://perma.cc/T6LR-95A2}}, 
publisher={IAFSS}
} 


@article{mcgrattan2013fire,
  title={Fire dynamics simulator userâ€™s guide},
  author={McGrattan, K. and Hostikka, S. and McDermott, R. and Floyd, J. and Weinschenk, C. and Overholt, K.},
  journal={NIST Special Publication},
  volume={1019},
  number={6},
  pages={1--339},
  year={2013}
}

@article{mcgrattan2013validation,
  title={Fire Dynamics Simulator Technical Reference Guide Volume 3: Validation},
  author={McGrattan, K. and Hostikka, S. and Floyd, J. and McDermott, R. and Vanella, M.},
  journal={NIST Special Publication},
  volume={1018},
  number={3},
  pages={1--1077},
  year={2013}
}
}